@article{jadrich2018offlattice,
	title={Unsupervised machine learning for detection of phase transitions in off-lattice systems. I. Foundations},
	author={Jadrich, RB and Lindquist, BA and Truskett, TM},
	journal={The Journal of chemical physics},
	volume={149},
	number={19},
	pages={194109},
	year={2018},
	publisher={AIP Publishing}
}

@article{wang2016ising,
	title={Discovering phase transitions with unsupervised learning},
	author={Wang, Lei},
	journal={Physical Review B},
	volume={94},
	number={19},
	pages={195105},
	year={2016},
	publisher={APS}
}

@article{shlens2014pca,
	title={A tutorial on principal component analysis},
	author={Shlens, Jonathon},
	journal={arXiv preprint arXiv:1404.1100},
	year={2014}
}

@article{hornik1989multilayer,
	title={Multilayer feedforward networks are universal approximators},
	author={Hornik, Kurt and Stinchcombe, Maxwell and White, Halbert},
	journal={Neural networks},
	volume={2},
	number={5},
	pages={359--366},
	year={1989},
	publisher={Elsevier}
}

@article{lewis2014,
	title={Colloidal liquid crystals in rectangular confinement: theory and experiment},
	author={Lewis, Alexander H and Garlea, Ioana and Alvarado, Jos{\'e} and Dammone, Oliver J and Howell, Peter D and Majumdar, Apala and Mulder, Bela M and Lettinga, MP and Koenderink, Gijsje H and Aarts, Dirk GAL},
	journal={Soft Matter},
	volume={10},
	number={39},
	pages={7865--7873},
	year={2014},
	publisher={Royal Society of Chemistry}
}

@inproceedings{wood1959,
	title={Monte Carlo calculations in statistical mechanics},
	author={Wood, WW and Jacobson, JD},
	booktitle={Papers presented at the the March 3-5, 1959, western joint computer conference},
	pages={261--269},
	year={1959},
	organization={ACM}
}

@article{hastings1970,
	title={Monte Carlo sampling methods using Markov chains and their applications},
	author={Hastings, W Keith},
	year={1970},
	publisher={Oxford University Press}
}

@article{metropolis1953,
	title={Equation of state calculations by fast computing machines},
	author={Metropolis, Nicholas and Rosenbluth, Arianna W and Rosenbluth, Marshall N and Teller, Augusta H and Teller, Edward},
	journal={The journal of chemical physics},
	volume={21},
	number={6},
	pages={1087--1092},
	year={1953},
	publisher={AIP}
}

@book{allenbook,
	title={Computer simulation of liquids},
	author={Allen, Michael P and Tildesley, Dominic J},
	year={2017},
	publisher={Oxford university press}
}

@article{wallordering,
	title={Ordering of hard needles at a hard wall},
	author={Poniewierski, A},
	journal={Physical Review E},
	volume={47},
	number={5},
	pages={3396},
	year={1993},
	publisher={APS}
}

@article{majumdar2010,
	title={The Landau-de Gennes theory of nematic liquid crystals: Uniaxiality versus Biaxiality},
	author={Majumdar, Apala},
	journal={Communications in Pure and Applied Analysis},
	year={2010}
}

@book{degennesbook,
	title={The Physics of Liquid Crystals},
	author={P. G. de Gennes and Prost, J.},
	isbn={9780198517856},
	lccn={93009154},
	series={International Series of Monographs on Physics},
	url={https://books.google.ca/books?id=0Nw-dzWz5agC},
	year={1995},
	publisher={Clarendon Press}
}

@article{onsager1949,
	title={The effects of shape on the interaction of colloidal particles},
	author={Onsager, Lars},
	journal={Annals of the New York Academy of Sciences},
	volume={51},
	number={4},
	pages={627--659},
	year={1949},
	publisher={Wiley Online Library}
}

@article{chen2016theory,
	title={Theory of wormlike polymer chains in confinement},
	author={Chen, Jeff ZY},
	journal={Progress in Polymer Science},
	volume={54},
	pages={3--46},
	year={2016},
	publisher={Elsevier}
}

@article{lcintro,
	title={Introduction to liquid crystals},
	author={Andrienko, Denis},
	journal={Journal of Molecular Liquids},
	volume={267},
	pages={520--541},
	year={2018},
	publisher={Elsevier}
}

@inbook{knoll2010otto,
	title={Otto Lehmann},
	author={Knoll, P.M. and Kelker, H.},
	isbn={9783839174395},
	url={https://books.google.ca/books?id=cElTklPnmVcC},
	year={2010},
	pages={51--56},
	publisher={Books on Demand}
}

@article{reinitzer1888eng,
	title={Contributions to the knowledge of cholesterol},
	author={Reinitzer, Friedrich},
	journal={Liquid Crystals},
	volume={5},
	number={1},
	pages={7--18},
	year={1989},
	publisher={Taylor \& Francis}
}

@article{lehmann1889,
	title={{\"U}ber fliessende krystalle},
	author={Lehmann, Otto},
	journal={Zeitschrift f{\"u}r physikalische Chemie},
	volume={4},
	number={1},
	pages={462--472},
	year={1889},
	publisher={De Gruyter Oldenbourg}
}

@article{reinitzer1888,
	title={Beitr{\"a}ge zur kenntniss des cholesterins},
	author={Reinitzer, Friedrich},
	journal={Monatshefte f{\"u}r Chemie/Chemical Monthly},
	volume={9},
	number={1},
	pages={421--441},
	year={1888},
	publisher={Springer}
}

@article{selfassembly,
	title={Self-assembly via branching morphologies in nematic liquid-crystal nanocomposites},
	author={Gurevich, Sebastian and Soule, Ezequiel and Rey, Alejandro and Reven, Linda and Provatas, Nikolas},
	journal={Physical Review E},
	volume={90},
	number={2},
	pages={020501},
	year={2014},
	publisher={APS}
}

@article{lcelastomers,
	title={Liquid crystal elastomers: an introduction and review of emerging technologies},
	author={Ula, Sabina W and Traugutt, Nicholas A and Volpe, Ross H and Patel, Ravi R and Yu, Kai and Yakacki, Christopher M},
	journal={Liquid Crystals Reviews},
	volume={6},
	number={1},
	pages={78--107},
	year={2018},
	publisher={Taylor \& Francis}
}

@article{cntstheory,
	title={Liquid-crystal phases of capped carbon nanotubes},
	author={Somoza, Andr{\'e}s M and Sagui, Celeste and Roland, Christopher},
	journal={Physical Review B},
	volume={63},
	number={8},
	pages={081403},
	year={2001},
	publisher={APS}
}

@article{dierking2004,
	title={Aligning and reorienting carbon nanotubes with nematic liquid crystals},
	author={Dierking, Ingo and Scalia, Giusy and Morales, Piero and LeClere, Darren},
	journal={Advanced materials},
	volume={16},
	number={11},
	pages={865--869},
	year={2004},
	publisher={Wiley Online Library}
}

@article{lynch2002,
	title={Organizing carbon nanotubes with liquid crystals},
	author={Lynch, Michael D and Patrick, David L},
	journal={Nano letters},
	volume={2},
	number={11},
	pages={1197--1201},
	year={2002},
	publisher={ACS Publications}
}

@article{cerritelli1997encapsidated,
	title={Encapsidated conformation of bacteriophage T7 DNA},
	author={Cerritelli, Mario E and Cheng, Naiqian and Rosenberg, Alan H and McPherson, Catherine E and Booy, Frank P and Steven, Alasdair C},
	journal={Cell},
	volume={91},
	number={2},
	pages={271--280},
	year={1997},
	publisher={Elsevier}
}

@article{reich1994liquid,
	title={Liquid-crystalline mesophases of plasmid DNA in bacteria},
	author={Reich, Ziv and Wachtel, Ellen J and Minsky, Abraham},
	journal={Science},
	volume={264},
	number={5164},
	pages={1460--1463},
	year={1994},
	publisher={American Association for the Advancement of Science}
}

@article{earnshaw1980dna,
	title={DNA packaging by the double-stranded DNA bacteriophages},
	author={Earnshaw, William C and Casjens, Sherwood R},
	journal={Cell},
	volume={21},
	number={2},
	pages={319--331},
	year={1980},
	publisher={Elsevier}
}

@article{livolant1978,
	title={New observations on the twisted arrangement of dinoflagellate chromosomes},
	author={Livolant, F and Bouligand, Y},
	journal={Chromosoma},
	volume={68},
	number={1},
	pages={21--44},
	year={1978},
	publisher={Springer}
}

@article{dna_livolant,
	title={Ordered phases of DNA in vivo and in vitro},
	author={Livolant, Fran{\c{c}}oise},
	journal={Physica A: Statistical Mechanics and its Applications},
	volume={176},
	number={1},
	pages={117--137},
	year={1991},
	publisher={Elsevier}
}

@article{hamley2010,
	title={Liquid crystal phase formation by biopolymers},
	author={Hamley, Ian William},
	journal={Soft Matter},
	volume={6},
	number={9},
	pages={1863--1871},
	year={2010},
	publisher={Royal Society of Chemistry}
}

@article{LCreview,
	title={A new era for liquid crystal research: applications of liquid crystals in soft matter nano-, bio-and microtechnology},
	author={Lagerwall, Jan PF and Scalia, Giusy},
	journal={Current Applied Physics},
	volume={12},
	number={6},
	pages={1387--1412},
	year={2012},
	publisher={Elsevier}
}

@article{cnt_lc,
	title={Liquid crystal--carbon nanotube dispersions},
	author={Dierking, Ingo and Scalia, Giusy and Morales, Piero},
	journal={Journal of Applied Physics},
	volume={97},
	number={4},
	pages={044309},
	year={2005},
	publisher={AIP},
	url={https://aip.scitation.org/doi/abs/10.1063/1.1850606}
}

@article{gabrielnano,
	title={Swollen liquid-crystalline lamellar phase based on extended solid-like sheets},
	author={Gabriel, Jean-Christophe P and Camerel, Franck and Lemaire, Bruno J and Desvaux, Herv{\'e} and Davidson, Patrick and Batail, Patrick},
	journal={Nature},
	volume={413},
	number={6855},
	pages={504},
	year={2001},
	publisher={Nature Publishing Group}
}

@article{spidersilk3,
	title={Liquid crystallinity of natural silk secretions},
	author={Kerkam, Keven and Viney, Christopher and Kaplan, David and Lombardi, Stephen},
	journal={Nature},
	volume={349},
	number={6310},
	pages={596},
	year={1991},
	publisher={Nature Publishing Group}
}

@article{spidersilk2,
	title={Predicting the mechanical properties of spider silk as a model nanostructured polymer},
	author={Porter, D and Vollrath, F and Shao, Z},
	journal={The European Physical Journal E},
	volume={16},
	number={2},
	pages={199--206},
	year={2005},
	publisher={Springer}
}

@article{spidersilk1,
	title={Liquid crystals and flow elongation in a spider's silk production line},
	author={Knight, D P and Vollrath, F},
	journal={Proceedings of the Royal Society of London. Series B: Biological Sciences},
	volume={266},
	number={1418},
	pages={519--523},
	year={1999},
	publisher={The Royal Society}
}

@article{torlaiboltzmann,
	title = {Learning thermodynamics with Boltzmann machines},
	author = {Torlai, Giacomo and Melko, Roger G.},
	journal = {Phys. Rev. B},
	volume = {94},
	issue = {16},
	pages = {165134},
	numpages = {7},
	year = {2016},
	month = {Oct},
	publisher = {American Physical Society},
	doi = {10.1103/PhysRevB.94.165134},
	url = {https://link.aps.org/doi/10.1103/PhysRevB.94.165134}
}
@article{carras,
	title={Machine learning phases of matter},
	author={Carrasquilla, Juan and Melko, Roger G},
	journal={Nature Physics},
	volume={13},
	number={5},
	pages={431},
	year={2017},
	publisher={Nature Publishing Group},
	url={https://www.nature.com/articles/nphys4035}
}

@Article{Mulder2015,
	author ="Garlea, Ioana C. and Mulder, Bela M.",
	title  ="Defect structures mediate the isotropic-nematic transition in strongly confined liquid crystals",
	journal  ="Soft Matter",
	year  ="2015",
	volume  ="11",
	issue  ="3",
	pages  ="608-614",
	publisher  ="The Royal Society of Chemistry",
	doi  ="10.1039/C4SM02087A",
	url  ="http://dx.doi.org/10.1039/C4SM02087A",
	abstract  ="Using Monte Carlo simulations{,} we study rod-like lyotropic liquid crystals confined to a square slab-like geometry with lateral dimensions comparable to the length of the particles. We observe that this system develops linear defect structures upon entering the planar nematic phase. These defect structures flank a lens-shaped nematic region oriented along a diagonal of the square box. We interpret these structures as a compromise between the 2-fold order of the bulk nematic phase and the 4-fold order imposed by the lateral boundaries. A simple Onsager-type theory that effectively implements these competing tendencies is used to model the phase behavior in the center of the box and shows that the free-energy cost of forming the defect structures strongly offsets the transition-inducing effects of both the transverse and lateral confinement."}

@ARTICLE{Lewis2014,
	author =   "A. H. Lewis and I. Garlea and J. Alvarado and O. J. Dammone and P. D. Howell and A. Majumdar and B. M. Mulder and M. P. Lettinga and G. H. Koenderink and D. G. A. L. Aarts",
	title = "Colloidal liquid crystals in rectangular confinement: theory and experiment",
	journal =  "Soft Matter",
	volume =   "10",
	pages =    "7865--7873",
	year =     "2014",
	url={https://pubs.rsc.org/en/content/articlelanding/2014/sm/c4sm01123f/unauth#!divAbstract}
}

@article{Cortes2017,
	author={Louis B G Cortes and Yongxiang Gao and Roel P A Dullens and Dirk G A L Aarts},
	title={Colloidal liquid crystals in square confinement: isotropic, nematic and smectic phases},
	journal={J. Phys.: Condens. Matter},
	volume={29},
	number={6},
	pages={064003},
	url={http://stacks.iop.org/0953-8984/29/i=6/a=064003},
	year={2017}
}

@article{morningstar,
	title={Deep Learning the Ising Model Near Criticality},
	author={Morningstar, Alan and Melko, Roger G},
	journal={Journal of Machine Learning Research},
	volume={18},
	number={163},
	pages={1--17},
	year={2018},
	url={http://www.jmlr.org/papers/v18/17-527.html}
}

@article{vanN,
	title={Learning phase transitions by confusion},
	author={van Nieuwenburg, Evert P L and Liu, Ye-Hua and Huber, Sebastian D},
	journal={Nature Physics},
	volume={13},
	number={5},
	pages={435},
	year={2017},
	publisher={Nature Publishing Group},
	url={https://www.nature.com/articles/nphys4037}
}
@article{rnnwords2,
	title={Learning phrase representations using RNN encoder-decoder for statistical machine translation},
	author={Cho, Kyunghyun and Van Merri{\"e}nboer, Bart and Gulcehre, Caglar and Bahdanau, Dzmitry and Bougares, Fethi and Schwenk, Holger and Bengio, Yoshua},
	journal={arXiv preprint arXiv:1406.1078},
	year={2014},
	url={https://arxiv.org/abs/1406.1078}
}

@article{Galanis2006,
	title = {Spontaneous Patterning of Confined Granular Rods},
	author = {Galanis, Jennifer and Harries, Daniel and Sackett, Dan L. and Losert, Wolfgang and Nossal, Ralph},
	journal = {Phys. Rev. Lett.},
	volume = {96},
	issue = {2},
	pages = {028002},
	numpages = {4},
	year = {2006},
	month = {Jan},
	publisher = {American Physical Society},
	doi = {10.1103/PhysRevLett.96.028002},
	url={http://link.aps.org/doi/10.1103/PhysRevLett.96.028002}
}

@Article{Mulder2011,
	author ="Soares e Silva, Marina and Alvarado, Jose and Nguyen, Jeanette and Georgoulia, Nefeli and Mulder, Bela M. and Koenderink, Gijsje H.",
	title  ="Self-organized patterns of actin filaments in cell-sized confinement",
	journal  ="Soft Matter",
	year  ="2011",
	volume  ="7",
	issue  ="22",
	pages  ="10631-10641",
	publisher  ="The Royal Society of Chemistry",
	doi  ="10.1039/C1SM06060K",
	url  ="http://dx.doi.org/10.1039/C1SM06060K",
	abstract  ="Cells use actin filaments to define and maintain their shape and to exert forces on the surrounding tissue. Accessory proteins like crosslinkers and motors organize these filaments into functional structures. However{,} physical effects also influence filament organization: steric interactions impose packing constraints at high filament density and spatially confine the filaments within the cell boundaries. Here we investigate the combined effects of packing constraints and spatial confinement by growing dense actin networks in cell-sized microchambers with nonadhesive walls. We show that the filaments spontaneously form dense{,} bundle-like structures above a threshold concentration of 1 mg ml-1{,} in contrast to unconfined networks{,} which are homogeneous and undergo a bulk isotropic-to-nematic phase transition above 5 mg ml-1. Bundling requires quasi-2D confinement in chambers with a depth comparable to the mean filament length (6 [small mu ]m). The bundles curve along the walls and central bundles align along the chamber diagonal or{,} in elongated chambers{,} along the long axis. We propose that bundling is a result of the polydisperse length distribution of the filaments: filaments shorter than the chamber depth introduce an entropic depletion attraction between the longest filaments{,} which are confined in-plane. Bundle alignment reflects a competition between bulk liquid-crystalline ordering and alignment along the boundaries. This physical mechanism may influence intracellular organization of actin in combination with biochemical regulation and actin-membrane adhesion."
}
@article{Tsakonas2007,
	title    = "Multistable alignment states in nematic liquid crystal filled wells",
	keywords = "liquid crystal, applied physics, numerical mathematics, Mathematics, Physics, Physics and Astronomy (miscellaneous)",
	author   = "C. Tsakonas and A. J. Davidson and C. V. Brown and N. J. Mottram",
	year     = "2007",
	doi      = "10.1063/1.2713140",
	volume   = "90",
	pages    = "111913",
	journal  = "Applied Physics Letters",
	issn     = "0003-6951",
}
@article{Luo2012,
	title = {Multistability in planar liquid crystal wells},
	author = {Luo, Chong and Majumdar, Apala and Erban, Radek},
	journal = {Phys. Rev. E},
	volume = {85},
	issue = {6},
	pages = {061702},
	numpages = {15},
	year = {2012},
	month = {Jun},
	publisher = {American Physical Society},
	doi = {10.1103/PhysRevE.85.061702},
	url = {http://link.aps.org/doi/10.1103/PhysRevE.85.061702}
}
@article{chen2013rods,
	author = {Chen, Jeff Z Y},
	doi = {10.1039/c3sm51991k},
	file = {:C$\backslash$:/Users/Gao Jie/Dropbox/Mendeley/Chen - 2013 - Structure of two-dimensional rods confined by a line boundary.pdf:pdf},
	issn = {1744-683X},
	journal = {Soft Matter},
	number = {45},
	pages = {10921},
	title = {{Structure of two-dimensional rods confined by a line boundary}},
	url = {http://pubs.rsc.org/en/Content/ArticleLanding/2013/SM/c3sm51991k http://xlink.rsc.org/?DOI=c3sm51991k},
	volume = {9},
	year = {2013}
}
@article{Kayser1978,
	title = {Bifurcation in Onsager's model of the isotropic-nematic transition},
	author = {Kayser, Richard F and Ravech\'e, Harold J},
	journal = {Phys. Rev. A},
	volume = {17},
	issue = {6},
	pages = {2067--2072},
	numpages = {6},
	year = {1978},
	month = {Jun},
	publisher = {American Physical Society},
	doi = {10.1103/PhysRevA.17.2067},
	url={http://link.aps.org/doi/10.1103/PhysRevA.17.2067}
}
@ARTICLE{chen1993prl,
	title={Continuous isotropic-nematic transition of partially flexible polymers in two dimensions},
	author =   "Chen, Zheng Yu",
	journal =  "Phys. Rev. Lett.",
	volume={71},
	pages={93},
	year={1993},
	publisher={APS},
	url={https://journals-aps-org.proxy.lib.uwaterloo.ca/prl/abstract/10.1103/PhysRevLett.71.93}
}

@inproceedings{rnnwords1,
	title={Linguistic regularities in continuous space word representations},
	author={Mikolov, Tomas and Yih, Wen-tau and Zweig, Geoffrey},
	booktitle={Proceedings of the 2013 Conference of the North American Chapter of the Association for Computational Linguistics: Human Language Technologies},
	pages={746--751},
	year={2013},
	url={http://www.aclweb.org/anthology/N13-1090}
}
@incollection{rnnvideo,
	title = {Recurrent Models of Visual Attention},
	author = {Mnih, Volodymyr and Heess, Nicolas and Graves, Alex and Kavukcuoglu, Koray},
	booktitle = {Advances in Neural Information Processing Systems 27},
	pages = {2204--2212},
	year = {2014},
	publisher = {Curran Associates, Inc.},
	url={http://papers.nips.cc/paper/5542-recurrent-models-of-visual-attention.pdf}
}
@inproceedings{mnistset,
	title={Comparison of classifier methods: a case study in handwritten digit recognition},
	author={Bottou, L{\'e}on and Cortes, Corinna and Denker, John S and Drucker, Harris and Guyon, Isabelle and Jackel, Lawrence D and LeCun, Yann and Muller, Urs A and Sackinger, Edward and Simard, Patrice and others},
	booktitle={Pattern Recognition, 1994. Vol. 2-Conference B: Computer Vision \& Image Processing., Proceedings of the 12th IAPR International. Conference on},
	volume={2},
	pages={77--82},
	year={1994},
	organization={IEEE},
	url={https://ieeexplore.ieee.org/abstract/document/576879}
}
@article{schmidhuber_deep,
	title={Deep learning in neural networks: An overview},
	author={Schmidhuber, J{\"u}rgen},
	journal={Neural Networks},
	volume={61},
	pages={85--117},
	year={2015},
	publisher={Elsevier},
	url={https://www.sciencedirect.com/science/article/pii/S0893608014002135}
}
@article{cnnmnist,
  title={Gradient-based learning applied to document recognition},
  author={LeCun, Yann and Bottou, L{\'e}on and Bengio, Yoshua and Haffner, Patrick},
  journal={Proceedings of the IEEE},
  volume={86},
  number={11},
  pages={2278--2324},
  year={1998},
  publisher={IEEE},
  url={https://ieeexplore.ieee.org/abstract/document/726791}
}

@article{wetzel,
  title={Machine learning of explicit order parameters: From the Ising model to SU (2) lattice gauge theory},
  author={Wetzel, Sebastian J and Scherzer, Manuel},
  journal={Phys. Rev. B},
  volume={96},
  number={18},
  pages={184410},
  year={2017},
  publisher={APS},
  url={https://journals.aps.org/prb/abstract/10.1103/PhysRevB.96.184410}
}
@article{torlai,
  title={Neural-network quantum state tomography},
  author={Torlai, Giacomo and Mazzola, Guglielmo and Carrasquilla, Juan and Troyer, Matthias and Melko, Roger G and Carleo, Giuseppe},
  journal={Nature Physics},
  volume={14},
  number={5},
  pages={447},
  year={2018},
  publisher={Nature Publishing Group},
  doi={10.1038/s41567-018-0048-5},
  url={https://www.nature.com/articles/s41567-018-0048-5}
}
@article{wei,
	title = {Identifying polymer states by machine learning},
	author = {Wei, Qianshi and Melko, Roger G. and Chen, Jeff Z. Y.},
	journal = {Phys. Rev. E},
	volume = {95},
	issue = {3},
	pages = {032504},
	numpages = {6},
	year = {2017},
	month = {Mar},
	publisher = {American Physical Society},
	doi = {10.1103/PhysRevE.95.032504},
	url = {https://link.aps.org/doi/10.1103/PhysRevE.95.032504}
}
@article{galanis,
	title={Spontaneous patterning of confined granular rods},
	author={Galanis, Jennifer and Harries, Daniel and Sackett, Dan L and Losert, Wolfgang and Nossal, Ralph},
	journal={Phys. Rev. Lett.},
	volume={96},
	number={2},
	pages={028002},
	year={2006},
	publisher={APS},
	url={https://journals.aps.org/prl/abstract/10.1103/PhysRevLett.96.028002}
}

@book{Landau,
 author = {Landau, David and Binder, Kurt},
 title = {A Guide to Monte Carlo Simulations in Statistical Physics},
 year = {2005},
 isbn = {0521842387},
 publisher = {Cambridge University Press},
 pages={231--237},
 address = {New York, NY, USA},
}
@article{chng,
  title={Machine learning phases of strongly correlated fermions},
  author={Ch'ng, Kelvin and Carrasquilla, Juan and Melko, Roger G and Khatami, Ehsan},
  journal={Phys. Rev. X},
  volume={7},
  number={3},
  pages={031038},
  year={2017},
  publisher={APS},
  url={https://journals.aps.org/prx/abstract/10.1103/PhysRevX.7.031038}
}
@article{broecker,
  title={Machine learning quantum phases of matter beyond the fermion sign problem},
  author={Broecker, Peter and Carrasquilla, Juan and Melko, Roger G and Trebst, Simon},
  journal={Scientific Reports},
  volume={7},
  number={1},
  pages={8823},
  year={2017},
  publisher={Nature Publishing Group},
  url={https://www.nature.com/articles/s41598-017-09098-0}
}

@article{rosenblatt,
  title={The perceptron: a probabilistic model for information storage and organization in the brain},
  author={Rosenblatt, Frank},
  journal={Psychological Review},
  volume={65},
  number={6},
  pages={386},
  year={1958},
  publisher={American Psychological Association},
  url={https://www.neural-networks.io/papers/1958-the-perceptron:-a-probabilistic-model-for-information-storage-and-organization-in-the-brain.pdf}
}

@article{yao,
  title={Topological defects in two-dimensional liquid crystals confined by a box},
  author={Yao, Xiaomei and Zhang, Hui and Chen, Jeff Z. Y.},
  journal={Phys. Rev. E},
  volume={97},
  number={5},
  pages={052707},
  year={2018},
  publisher={APS},
  url={https://journals.aps.org/pre/abstract/10.1103/PhysRevE.97.052707}
}

@article{lstm,
  title={Long short-term memory},
  author={Hochreiter, Sepp and Schmidhuber, J{\"u}rgen},
  journal={Neural Computation},
  volume={9},
  number={8},
  pages={1735--1780},
  year={1997},
  publisher={MIT Press},
  url={http://citeseerx.ist.psu.edu/viewdoc/download?doi=10.1.1.676.4320&rep=rep1&type=pdf}
}

@article{cosentino,
  title={Isotropic--nematic transition of long, thin, hard spherocylinders confined in a quasi-two-dimensional planar geometry},
  author={Cosentino Lagomarsino, Marco and Dogterom, Marileen and Dijkstra, Marjolein},
  journal={J. Chem. Phys.},
  volume={119},
  number={6},
  pages={3535--3540},
  year={2003},
  publisher={AIP},
  url={https://aip.scitation.org/doi/abs/10.1063/1.1588994}
}

@article{frenkel,
  title={Evidence for algebraic orientational order in a two-dimensional hard-core nematic},
  author={Frenkel, D and Eppenga, R},
  journal={Phys. Rev. A},
  volume={31},
  number={3},
  pages={1776},
  year={1985},
  publisher={APS},
  url={https://journals.aps.org/pra/abstract/10.1103/PhysRevA.31.1776}
}

@article{adam,
  title={Adam: A method for stochastic optimization},
  author={Kingma, Diederik P and Ba, Jimmy},
  journal={arXiv preprint arXiv:1412.6980},
  year={2014},
  url={https://arxiv.org/abs/1412.6980}
}

@article{elu,
  title={Fast and accurate deep network learning by exponential linear units (elus)},
  author={Clevert, Djork-Arn{\'e} and Unterthiner, Thomas and Hochreiter, Sepp},
  journal={arXiv preprint arXiv:1511.07289},
  year={2015},
  url={https://arxiv.org/abs/1511.07289}
}

@article{tensorflow,
	title={TensorFlow: Large-Scale Machine Learning on Heterogeneous Distributed Systems},
	author={Abadi, Mart{\'\i}n and Agarwal, Ashish and Barham, Paul and Brevdo, Eugene and Chen, Zhifeng and Citro, Craig and Corrado, Greg S and Davis, Andy and Dean, Jeffrey and Devin, Matthieu and others},
	journal={arXiv preprint arXiv:1603.04467},
	year={2016},
	url={https://arxiv.org/abs/1603.04467}
}

@article{dropout,
  title={Dropout: A simple way to prevent neural networks from overfitting},
  author={Srivastava, Nitish and Hinton, Geoffrey and Krizhevsky, Alex and Sutskever, Ilya and Salakhutdinov, Ruslan},
  journal={The Journal of Machine Learning Research},
  volume={15},
  number={1},
  pages={1929--1958},
  year={2014},
  publisher={JMLR. org},
  url={http://www.jmlr.org/papers/volume15/srivastava14a/srivastava14a.pdf?utm_content=buffer79b43&utm_medium=social&utm_source=twitter.com&utm_campaign=buffer}
}

@book{nntricks,
  title={Neural networks: tricks of the trade},
  author={Montavon, Gr{\'e}goire and Orr, Genevi{\`e}ve B and M{\"u}ller, Klaus-Robert},
  year={2003},
  pages={53--67},
  publisher={Springer},
  url={https://link.springer.com/book/10.1007%2F978-3-642-35289-8}
}


@article{beach,
  title = {Machine learning vortices at the Kosterlitz-Thouless transition},
  author = {Beach, Matthew J. S. and Golubeva, Anna and Melko, Roger G.},
  journal = {Phys. Rev. B},
  volume = {97},
  issue = {4},
  pages = {045207},
  numpages = {8},
  year = {2018},
  month = {Jan},
  publisher = {American Physical Society},
  doi = {10.1103/PhysRevB.97.045207},
  url = {https://link.aps.org/doi/10.1103/PhysRevB.97.045207}
}
